2283 3250
264 1019 377 1085 Quod
413 1050 526 1078 vetere
556 1046 752 1087 proverbio,
784 1046 1044 1078 eommilitones
1071 1046 1333 1080 humanissimi,
1360 1045 1562 1086 perhibetur
1587 1056 1641 1077 ars
1666 1045 1773 1084 long-:i
1805 1046 1881 1077 vita

123 1100 239 1132 brevis
273 1110 360 1135 esse,
392 1097 458 1131 hoe
483 1108 588 1139 quam
614 1108 734 1130 verum
761 1098 804 1129 sit
831 1108 909 1130 eum
942 1097 1078 1139 reliqua
1110 1097 1235 1130 horum
1261 1099 1485 1139 antiquitatis
1511 1097 1708 1131 studiorum
1734 1097 1882 1129 historia

125 1155 198 1184 tum
223 1149 421 1183 luculenter
445 1150 482 1182 ni
507 1148 610 1182 fallor
634 1160 851 1191 papyroruni
877 1148 1195 1182 lloreulanensium
1221 1148 1321 1181 doeet
1350 1149 1526 1191 paulatim
1552 1160 1593 1182 ex
1625 1160 1693 1190 qno
1727 1151 1882 1190 repertae

124 1201 275 1236 suntad
300 1201 490 1235 utilitatem
516 1200 696 1243 quandam
721 1204 889 1243 proveeta
914 1203 1089 1234 memoria.
1151 1200 1287 1240 Quodsi
1320 1202 1388 1234 iam
1423 1212 1461 1233 eo
1495 1212 1547 1233 res
1581 1200 1730 1233 dedueta
1761 1203 1812 1231 est
1847 1203 1884 1231 ut

122 1265 193 1287 non
231 1253 347 1286 solum
383 1253 651 1295 philosophiam
687 1253 896 1294 mmm-cani
933 1252 993 1285 sed
1027 1253 1116 1285 alias
1150 1263 1290 1294 quoquo
1322 1264 1375 1284 res
1409 1252 1450 1285 ad
1486 1256 1642 1285 veterum
1669 1252 1882 1283 (iraeeorum

122 1307 232 1339 vitam
258 1305 448 1347 studiaque
472 1306 687 1347 pertinentes
713 1315 754 1337 ex
779 1303 902 1337 las-eris
929 1304 999 1337 illis·
1033 1310 1062 1337 et
1099 1304 1190 1337 male
1224 1305 1356 1337 habitis
1389 1303 1586 1336 litterarum
1619 1303 1777 1345 reliquiis
1812 1314 1881 1335 non

122 1357 344 1390 mediocriter
370 1357 540 1390 illustrari
565 1367 669 1398 posse
693 1357 806 1388 euivis
832 1360 1016 1398 appareat:
1043 1360 1204 1398 superest
1231 1360 1269 1388 ut
1295 1355 1470 1388 indefesso
1496 1355 1615 1388 labore
1639 1360 1671 1387 et
1694 1355 1880 1388 leetionem

121 1420 243 1442 earum
269 1413 303 1442 et.
328 1410 653 1451 interpretationem
685 1412 896 1449 repetamus,
929 1408 1045 1449 quoad
1080 1408 1213 1441 fruetus
1239 1409 1299 1449 qui
1325 1407 1465 1449 quidem
1501 1407 1581 1440 inde
1613 1408 1691 1449 rapi
1715 1410 1882 1449 poterunt

125 1463 321 1503 ceperimus
347 1470 479 1493 omnes.
525 1459 616 1492 Nam
642 1470 736 1492 nune
761 1459 914 1501 quidem,
944 1461 974 1492 si
999 1461 1086 1492 forte
1112 1459 1314 1492 l‘liilodemi
1347 1459 1401 1492 rel
1432 1458 1625 1491 Metrodori
1650 1458 1702 1491 vel
1741 1459 1881 1500 Epieuri

123 1512 268 1546 libellus
293 1512 437 1545 editoris
464 1511 650 1551 dilig-entia
673 1515 705 1544 et
731 1511 889 1544 doctrina
915 1513 1098 1544 restitutus
1132 1512 1197 1545 tibi
1224 1513 1258 1544 in
1289 1522 1415 1544 manus
1440 1513 1584 1549 venerit,
1617 1522 1694 1544 eum
1727 1513 1880 1552 primum

124 1565 311 1602 evolveris,
349 1565 433 1597 artis
470 1567 613 1596 nostrae
650 1562 881 1596 admiratione
914 1563 1064 1605 quadam
1099 1564 1272 1602 afficieris,
1305 1574 1394 1605 quae
1431 1574 1472 1596 ex
1505 1563 1718 1596 carbonibus
1757 1573 1879 1595 aurum

123 1627 245 1659 parare
282 1616 441 1649 calluerit
478 1626 637 1658 quaeque
673 1620 876 1648 contextum
912 1620 991 1657 post
1030 1620 1165 1649 tantam
1200 1618 1338 1648 ruinam
1370 1616 1433 1648 tibi
1467 1619 1640 1657 proponat
1672 1616 1879 1647 eontinuum

123 1670 252 1711 quique
285 1667 398 1701 faeilis
434 1667 597 1700 lectionis
628 1678 725 1709 spem
758 1668 823 1701 tibi
855 1668 1029 1709 praebeat.
1087 1668 1176 1701 (ium
1212 1679 1293 1701 vero
1330 1678 1460 1709 pauens
1497 1669 1645 1709 paginas
1682 1666 1879 1708 perlegeris.

122 1720 217 1754 mola
243 1719 305 1753 illa
337 1721 372 1753 in
403 1721 516 1761 eapite
548 1723 607 1752 tuo
642 1721 831 1759 circumagi
864 1718 1043 1752 videbitur
1074 1719 1185 1761 deque
1217 1719 1342 1753 talium
1377 1731 1550 1759 nugarum
1583 1718 1763 1752 intelleetu
1798 1730 1878 1751 mox

125 1772 340 1815 desperabis.
399 1771 539 1805 Accidit
563 1773 654 1804 enim
680 1782 847 1813 persaepe
872 1775 909 1804 ut
936 1776 1120 1805 eoiitextus
1146 1771 1405 1814 supplementis
1431 1773 1615 1804 restitutus
1641 1782 1660 1803 a.
1685 1770 1784 1803 nullo
1811 1772 1879 1803 nisi

121 1825 163 1858 ab
189 1835 228 1857 eo
256 1825 315 1866 qui
345 1823 527 1866 supplevit
559 1823 796 1863 intellegatur.
855 1824 977 1865 ltaque
1003 1823 1105 1856 valde
1129 1828 1266 1865 gratum
1295 1825 1445 1856 saeerent
1471 1823 1636 1857 omnibus
1662 1834 1877 1865 papyrorum

121 1877 272 1910 editores
297 1878 327 1910 si
352 1877 678 1918 interpretationem
703 1875 756 1908 ve]
783 1875 932 1908 latinam
959 1876 1014 1908 vel
1040 1876 1264 1909 vernaeulam
1291 1875 1468 1908 adderent.
1529 1875 1617 1908 Nam
1650 1886 1738 1916 quae
1770 1876 1875 1907 inter-

120 1930 251 1972 pretari
276 1940 347 1962 non
372 1933 533 1970 possunt,
564 1928 671 1961 huius
702 1927 795 1961 modi
830 1927 1078 1970 supplementa
1110 1930 1145 1961 in
1181 1929 1320 1961 seriniis
1356 1927 1464 1960 ‘latere
1500 1927 1626 1960 melius
1663 1930 1723 1959 est.
1782 1927 1876 1959 liae(-

120 1992 231 2023 nuper
255 1991 396 2022 quoque
420 1982 455 2012 in
481 1984 633 2013 mentem
659 1979 744 2012 mihi
771 1984 958 2015 venerunt,
991 1991 1068 2012 eum
1097 1980 1122 2012 P
1134 1980 1228 2013 hilo
1242 1980 1260 2012 d
1275 1981 1355 2012 emi
1382 1979 1441 2012 ⁴de
1468 1979 1514 2011 rli
1526 1983 1596 2012 eto
1609 1981 1668 2012 rie
1680 1982 1709 2011 a‘
1733 1978 1833 2011 libris
1859 1990 1875 2011 a

120 2032 326 2066 Sudhausio
360 2034 395 2065 in
427 2032 645 2065 bibliothec-a
679 2031 924 2065 'l'eubneriana
957 2031 1060 2064 editis
1086 2043 1227 2074 operam
1254 2032 1380 2064 darem.
1442 2031 1530 2064 Nam
1556 2031 1612 2064 his·
1638 2042 1777 2072 quoque
1804 2031 1875 2063 tieri

119 2085 210 2118 solet
249 2088 289 2117 ut
327 2085 560 2125 cogitationes
601 2085 781 2125 scriptoris
822 2094 909 2125 quas
950 2083 1144 2117 solidorum
1192 2083 1296 2117 modo
1337 2094 1520 2125 eoi-porum
1560 2084 1672 2116 instar
1710 2084 1876 2116 manibus

120 2138 276 2177 tetigeris
302 2137 336 2169 in
362 2137 532 2178 proximis
567 2137 707 2178 paginis
740 2147 862 2168 rursus
895 2136 1105 2169 nebularum
1139 2137 1207 2169 ritu
1241 2138 1274 2168 in
1309 2147 1412 2168 auras
1445 2135 1695 2169 dissolvantur.
1755 2135 1876 2176 Neque

120 2188 269 2222 dubium
298 2192 351 2221 est
384 2189 468 2230 quin
501 2187 615 2220 multa
646 2189 681 2220 in
716 2187 812 2220 hisee
843 2187 1000 2229 reliquiis·
1037 2187 1163 2221 melius
1201 2188 1439 2221 administrari
1478 2189 1626 2229 possint,
1662 2187 1754 2229 qnod
1792 2198 1876 2228 paee

121 2240 319 2274 Sudhausii
343 2240 502 2276 dixerim,
532 2241 632 2272 (alius
660 2250 801 2281 operam
826 2240 882 2272 his
908 2239 1036 2272 studiis
1062 2239 1164 2273 valde
1188 2241 1363 2282 profuisse
1389 2239 1457 2272 alio
1491 2239 1567 2273 loeo
1602 2243 1752 2271 testatus
1786 2250 1873 2271 sum.

121 2293 339 2335 Consumpsi
363 2294 471 2333 igitur
495 2291 649 2324 multum
672 2293 841 2333 temporis
868 2293 902 2324 in
926 2291 1195 2325 Rhetorieorum
1229 2291 1428 2324 Philodemi
1453 2290 1699 2324 emendatione
1725 2302 1873 2332 quorum

120 2346 273 2387 prinlum
298 2346 450 2378 maxime
484 2348 516 2377 et
549 2343 697 2376 alterum
727 2343 858 2377 librum
892 2345 1129 2383 recog-uitione
1166 2355 1263 2385 egere
1299 2343 1471 2376 videbam.
1531 2343 1649 2384 Atque
1686 2343 1872 2376 secundi

120 2396 262 2439 quidem
294 2396 406 2430 libri
434 2398 464 2429 si
488 2397 643 2438 spatium
670 2396 751 2429 huie
777 2395 1051 2438 seriptiuneulae
1081 2407 1286 2429 concessum
1319 2396 1492 2428 snt'tieeret
1526 2398 1639 2427 totum
1670 2400 1873 2428 eontextum

121 2459 315 2491 proponere
340 2450 376 2481 in
402 2450 519 2481 animo
545 2452 626 2480 erat.
685 2447 787 2487 Quod
825 2458 924 2481 seeus
961 2459 1036 2480 esse
1072 2458 1239 2490 perquam
1274 2447 1386 2480 doleo.
1445 2447 1527 2489 lpsa
1562 2448 1654 2479 enim
1693 2448 1872 2488 seriptoris

123 2501 229 2534 verba
254 2502 329 2534 sine
361 2499 435 2533 ulla
464 2501 751 2542 interpretatione
782 2499 964 2541 publicare
1000 2499 1173 2533 nolebam.
1234 2499 1334 2539 Elem
1369 2500 1474 2537 initur
1507 2498 1622 2531 loeum
1655 2499 1761 2531 liuius
1793 2499 1872 2531 libri

121 2554 281 2594 inprimis
317 2551 591 2590 memorabilem,
627 2562 730 2593 quem
766 2562 827 2593 per
862 2551 953 2584 hane
988 2551 1163 2585 seribendi
1199 2553 1417 2585 occasionem
1455 2554 1610 2588 traetem,
1653 2555 1764 2583 eetera
1802 2550 1870 2583 alio

119 2604 196 2638 loeo
221 2604 389 2638 editurus.

276 2655 422 2689 Summo
440 2657 514 2689 iure
532 2656 659 2688 statuit
672 2655 899 2689 Sudliausius
916 2654 1115 2689 l’liilodemi
1132 2655 1262 2689 librum
1279 2667 1350 2688 non
1370 2656 1477 2687 tuisse
1494 2658 1620 2689 ..artem
1640 2654 1868 2687 rhotorieznn‘*

120 2718 232 2750 neque
255 2711 439 2750 praec-opta
463 2708 682 2741 continuisse
706 2719 826 2741 eorum
852 2710 930 2741 usui
958 2707 1143 2747 destinata,
1168 2709 1228 2750 qui
1257 2707 1377 2740 diserti
1405 2706 1475 2739 [ieri
1506 2706 1647 2744 vellent,
1672 2705 1744 2742 sed,
1777 2705 1870 2747 quod

120 2762 195 2802 ipse
220 2759 346 2793 titulus
371 2759 452 2801 ..περὶ
477 2762 644 2801 ῥητορικῆς·
671 2761 894 2801 peritioribus
922 2759 1047 2801 prodit,
1072 2763 1183 2793 totum
1211 2760 1319 2792 fuisse
1345 2758 1385 2791 (le
1413 2762 1538 2790 natura
1557 2762 1589 2789 et
1607 2759 1720 2799 speeie
1746 2762 1775 2790 et
1805 2768 1870 2790 usu

1633 2817 1664 2845 1*
